<record><leader>00000cas a22000007a 4500</leader><controlfield tag="001">27194582</controlfield><controlfield tag="008">930104d191319uunmuwr ne      0    0eng d</controlfield><datafield ind1=" " ind2=" " tag="010"><subfield code="a">sn 93061568 </subfield></datafield><datafield ind1=" " ind2=" " tag="040"><subfield code="a">NVM</subfield><subfield code="b">eng</subfield><subfield code="c">NVM</subfield><subfield code="d">OCLCQ</subfield></datafield><datafield ind1=" " ind2=" " tag="042"><subfield code="a">msc</subfield></datafield><datafield ind1=" " ind2=" " tag="043"><subfield code="a">n-us-nm</subfield></datafield><datafield ind1="0" ind2="0" tag="245"><subfield code="a">Fort Sumner leader.</subfield></datafield><datafield ind1=" " ind2=" " tag="260"><subfield code="a">Fort Sumner, Guadalupe County, N.M. :</subfield><subfield code="b">Leader Pub. Co.</subfield></datafield><datafield ind1=" " ind2=" " tag="300"><subfield code="a">v.</subfield></datafield><datafield ind1=" " ind2=" " tag="310"><subfield code="a">Weekly</subfield></datafield><datafield ind1="0" ind2=" " tag="362"><subfield code="a">Vol. 1, no. 1 (June 20, 1913)-</subfield></datafield><datafield ind1=" " ind2=" " tag="500"><subfield code="a">De Baca County formed in 1917.</subfield></datafield><datafield ind1=" " ind2=" " tag="515"><subfield code="a">Contains volume numbering also of the La Lande leader.</subfield></datafield><datafield ind1=" " ind2="4" tag="651"><subfield code="a">Fort Sumner (N.M.)</subfield><subfield code="v">Newspapers.</subfield></datafield><datafield ind1=" " ind2="4" tag="651"><subfield code="a">Guadalupe County (N.M.)</subfield><subfield code="v">Newspapers.</subfield></datafield><datafield ind1=" " ind2="4" tag="651"><subfield code="a">De Baca County (N.M.)</subfield><subfield code="v">Newspapers.</subfield></datafield><datafield ind1=" " ind2=" " tag="752"><subfield code="a">United States</subfield><subfield code="b">New Mexico</subfield><subfield code="c">De Baca</subfield><subfield code="d">Fort Sumner.</subfield></datafield><datafield ind1="0" ind2="0" tag="780"><subfield code="t">Lande leader</subfield></datafield><datafield ind1="1" ind2=" " tag="029"><subfield code="a">AU@</subfield><subfield code="b">000020743645</subfield></datafield></record>